<record><leader>00000cas a22000007a 4500</leader><controlfield tag="001">15704610</controlfield><controlfield tag="008">870518d18561859inuwr ne      0    0eng d</controlfield><datafield ind1=" " ind2=" " tag="010"><subfield code="a">sn 87056062 </subfield></datafield><datafield ind1=" " ind2=" " tag="040"><subfield code="a">NPI</subfield><subfield code="b">eng</subfield><subfield code="c">NPI</subfield><subfield code="d">PPM</subfield><subfield code="d">OCLCQ</subfield></datafield><datafield ind1=" " ind2=" " tag="042"><subfield code="a">msc</subfield></datafield><datafield ind1="0" ind2="4" tag="245"><subfield code="a">The Elkhart County times.</subfield></datafield><datafield ind1=" " ind2=" " tag="260"><subfield code="a">Goshen, Ind. :</subfield><subfield code="b">J.M. Defrees &amp; R.D. Jillson,</subfield><subfield code="c">-1859.</subfield></datafield><datafield ind1=" " ind2=" " tag="310"><subfield code="a">Weekly</subfield></datafield><datafield ind1="1" ind2=" " tag="362"><subfield code="a">Began in Jan. 1856.</subfield></datafield><datafield ind1="0" ind2=" " tag="362"><subfield code="a">-v. 4, no. 1 (Jan. 13, 1859).</subfield></datafield><datafield ind1=" " ind2=" " tag="500"><subfield code="a">Publishers: Stevens &amp; Metcalfe, &lt;1857&gt;.</subfield></datafield><datafield ind1=" " ind2=" " tag="588"><subfield code="a">Description based on: Vol. 1, no. 21 (May 29, 1856).</subfield></datafield><datafield ind1=" " ind2=" " tag="752"><subfield code="a">United States</subfield><subfield code="b">Indiana</subfield><subfield code="c">Elkhart</subfield><subfield code="d">Goshen.</subfield></datafield><datafield ind1="0" ind2="0" tag="785"><subfield code="t">Goshen times</subfield><subfield code="w">(DLC)sn 84027381</subfield></datafield></record>